@misc{gitscm2023,
    author = {{Git}},
    title = {{Git - Fast, scalable, distributed revision control system}},
    year = {2023},
    note = {Available: https://git-scm.com/}
}
