@misc{HubSpot,
 author = {B. Bonasio},
 note = {See \url{https://blog.hubspot.com/marketing/web-design-html-css-javascript}},
 title = {Web Design 101: How HTML, CSS, and JavaScript Work},
 year = {2018}
}

@misc{W3Schools,
 author = {{W3Schools}},
 note = {See \url{https://www.w3schools.com/}},
 title = {Learn to code â€” for free},
 year = {2023}
}

@misc{YouTube,
 author = {{YouTube}},
 note = {See \url{https://www.youtube.com/results?search_query=js}},
 title = {Search results for 'js'},
 year = {2023}
}
