%% This BibTeX bibliography file was created using BibDesk.
%% https://bibdesk.sourceforge.io/

%% Created for benny at 2023-06-11 15:18:34 +1000 


%% Saved with string encoding Unicode (UTF-8) 



@misc{usyd1,
	author = {{The University of Sydney}},
	note = {See \url{https://libguides.library.usyd.edu.au/ld.php?content\_id=47913440}},
	title = {{APA} Referencing Style (6th Edition)},
	year = 2022}

@misc{usyd2,
	date-modified = {2023-06-11 15:18:05 +1000},
	note = {\url{https://blog.hubspot.com/marketing/web-design-html-css-javascript}},
	title = {Referencing and Citation Styles: {IEEE}}}

@misc{sfia,
	author = {{SFIA}},
	note = {See \url{https://sfia-online.org/en/sfia-8/all-skills-a-z}},
	title = {The global skills and competency framework for the digital world},
	year = 2022}
